@misc{cdc, 
title={How to Protect Yourself \& Others},
url={https://www.cdc.gov/coronavirus/2019-ncov/prevent-getting-sick/prevention.html},
publisher={Centers for Disease Control and Prevention}, 
year={2019}} 
 
@misc{who, 
title={Coronavirus}, url={https://www.who.int/health-topics/coronavirus},publisher={World Health Organization},
year={2020}} 

@misc{ds1,
title={Google COVID-19 Search Trends symptoms dataset},
url={http://goo.gle/covid19symptomdataset}}

@misc{ds2,
title={Open COVID-19 Data},
url={https://github.com/google-research/open-covid-19-data/blob/master/data/exports/cc_by/aggregated_cc_by.csv}}

@misc{ds3, 
title={Google COVID-19 Community Mobility Reports}, url={https://www.google.com/covid19/mobility/},
year={2020}} 

@misc{mangono2020pace,
      title={The Pace and Pulse of the Fight against Coronavirus across the US, A Google Trends Approach}, 
      author={Tichakunda Mangono and Peter Smittenaar and Yael Caplan and Vincent S. Huang and Staci Sutermaster and Hannah Kemp and Sema K. Sgaier},
      year={2020},
      eprint={2005.02489},
      archivePrefix={arXiv},
      primaryClass={cs.CY}
}

@misc{parino2020modelling,
      title={Modelling and predicting the effect of social distancing and travel restrictions on COVID-19 spreading}, 
      author={Francesco Parino and Lorenzo Zino and Maurizio Porfiri and Alessandro Rizzo},
      year={2020},
      eprint={2010.05968},
      archivePrefix={arXiv},
      primaryClass={physics.soc-ph}
}